
@electronic{emdebian,
  author        = {},
  title         = {Emdebian},
  url           = {http://www.emdebian.org},
  year          = {2011},
}

@electronic{ptxdist,
  author        = {},
  title         = {ptxdist},
  url           = {http://www.ptxdist.org},
  year          = {2011},
}

@electronic{buildroot,
  author        = {Peter Korsgaard},
  title         = {Buildroot},
  url           = {http://buildroot.uclibc.org},
  year          = {2011},
}

@electronic{ltib,
  author        = {Stuart Hughes},
  title         = {The Linux Target Image Builder},
  url           = {http://bitshrine.org/ltib/},
  year          = {2011},
}

@electronic{oe,
  author        = {Chris Larson and Michael Lauer},
  title         = {Open Embedded},
  url           = {http://www.openembedded.org},
  year          = {2011},
}

@electronic{openwrt,
  author        = {Andy Boyett and Nicolas Thill},
  title         = {OpenWrt},
  url           = {http://www.openwrt.org},
  year          = {2011},
}

@electronic{kegel,
  author        = {Dan Kegel},
  title         = {Building and Testing gcc/glibc cross toolchains},
  url           = {http://www.kegel.com/crosstool},
  year          = {2006},
}

@electronic{morin,
  author        = {Yann E Morin},
  title         = {crosstool-NG},
  url           = {http://crosstool-ng.org},
  year          = {2011},
}
